<?xml version="1.0" encoding="UTF-8"?><collection xmlns="http://www.loc.gov/MARC21/slim"><record><leader>00419nam--2200157-i-4500</leader><controlfield tag="001">000042079</controlfield><controlfield tag="002">20161230</controlfield><controlfield tag="005">20170113001327</controlfield><controlfield tag="008">060222s1000------------r-----000-0-eng-d</controlfield><datafield ind1=" " ind2=" " tag="080"><subfield code="a">615.849:621.039.85(061.3)</subfield></datafield><datafield ind1=" " ind2=" " tag="245"><subfield code="a">Radiopharmaceuticals II</subfield></datafield><datafield ind1=" " ind2=" " tag="260"><subfield code="a">New York</subfield><subfield code="b">Society Of Nuclear Medicine, Inc</subfield><subfield code="c">1979</subfield></datafield><datafield ind1=" " ind2=" " tag="300"><subfield code="a">XLVIII + 809 p</subfield></datafield><datafield ind1=" " ind2=" " tag="700"><subfield code="a">Sodd, Vincent J</subfield></datafield><datafield ind1=" " ind2=" " tag="852"><subfield code="a">70481</subfield></datafield><datafield ind1=" " ind2=" " tag="CAT"><subfield code="a">SYS</subfield><subfield code="c">20170113</subfield><subfield code="h">001327</subfield></datafield></record></collection>